@article{curry61,
  title={Some logical aspects of grammatical structure},
  author={Curry, Haskell B},
  journal={Structure of language and its mathematical aspects},
  volume={12},
  pages={56--68},
  year={1961},
  publisher={American Mathematical Society, Providence}
}

@inproceedings{rosetta,
  title={Machine translation based on logically isomorphic Montague grammars},
  author={Landsbergen, Jan},
  booktitle={Coling 1982: Proceedings of the Ninth International Conference on Computational Linguistics},
  year={1982}
}

@article{gf2004,
  title={Grammatical framework},
  author={Ranta, Aarne},
  journal={Journal of Functional Programming},
  volume={14},
  number={2},
  pages={145--189},
  year={2004}
}

@book{gfbook,
  title={Grammatical framework: Programming with multilingual grammars},
  author={Ranta, Aarne},
  volume={173},
  year={2011},
  publisher={CSLI Publications, Center for the Study of Language and Information Stanford}
}

@inproceedings{rantaxmt,
  title={Explainable machine translation with interlingual trees as certificates},
  author={Ranta, Aarne},
  booktitle={Proceedings of the Conference on Logic and Machine Learning in Natural Language (LaML 2017)},
  pages={63--78},
  year={2017}
}

@inproceedings{udv1,
  title={Universal dependencies v1: A multilingual treebank collection},
  author={Nivre, Joakim and De Marneffe, Marie-Catherine and Ginter, Filip and Goldberg, Yoav and Hajic, Jan and Manning, Christopher D and McDonald, Ryan and Petrov, Slav and Pyysalo, Sampo and Silveira, Natalia and others},
  booktitle={Proceedings of the Tenth International Conference on Language Resources and Evaluation (LREC'16)},
  pages={1659--1666},
  year={2016}
}

@inproceedings{udgf,
  title={From universal dependencies to abstract syntax},
  author={Ranta, Aarne and Kolachina, Prasanth},
  booktitle={Proceedings of the NoDaLiDa 2017 Workshop on Universal Dependencies (UDW 2017)},
  pages={107--116},
  year={2017}
}

@inproceedings{gfud,
  title={From abstract syntax to universal dependencies},
  author={Kolachina, Prasanth and Ranta, Aarnte},
  booktitle={Linguistic Issues in Language Technology, Volume 13, 2016},
  year={2016}
}

@article{udparsing,
  title={Universal dependency parsing from scratch},
  author={Qi, Peng and Dozat, Timothy and Zhang, Yuhao and Manning, Christopher D},
  journal={arXiv preprint arXiv:1901.10457},
  year={2019}
}

@online{gdpr,
    title = {General Data Protection Regulation},
    journal={Official Journal of the European Union},
    url = {https://eur-lex.europa.eu/legal-content/EN/TXT/PDF/?uri=CELEX:32016R0679},
    organization = {European Commission},
    date = {2016-04-27},
    urldate = {2020-09-11}
}

@article{semcom,
  title={The principle of semantic compositionality},
  author={Pelletier, Francis Jeffry},
  journal={Topoi},
  volume={13},
  number={1},
  pages={11--24},
  year={1994},
  publisher={Springer}
}
