@article{curry61,
  title={Some logical aspects of grammatical structure},
  author={Curry, Haskell B.},
  journal={Structure of language and its mathematical aspects},
  volume={12},
  pages={56--68},
  year={1961},
  publisher={American Mathematical Society, Providence}
}

@inproceedings{rosetta,
  title={Machine translation based on logically isomorphic Montague grammars},
  author={Landsbergen, Jan},
  booktitle={Coling 1982: Proceedings of the Ninth International Conference on Computational Linguistics},
  year={1982}
}

@article{gf2004,
  title={Grammatical framework},
  author={Ranta, Aarne},
  journal={Journal of Functional Programming},
  volume={14},
  number={2},
  pages={145--189},
  year={2004}
}

@book{gfbook,
  title={Grammatical framework: Programming with multilingual grammars},
  author={Ranta, Aarne},
  volume={173},
  year={2011},
  publisher={CSLI Publications, Center for the Study of Language and Information Stanford}
}

@book{compsyn,
  title={Computational Grammar: An Interlingual Perspective},
  author={Ranta, Aarne},
  year={2020},
  publisher={Unpublished}
}

@inproceedings{rantaxmt,
  title={Explainable machine translation with interlingual trees as certificates},
  author={Ranta, Aarne},
  booktitle={Proceedings of the Conference on Logic and Machine Learning in Natural Language (LaML 2017)},
  pages={63--78},
  year={2017}
}

@inproceedings{udv1,
  title={Universal dependencies v1: A multilingual treebank collection},
  author={Nivre, Joakim and De Marneffe, Marie-Catherine and Ginter, Filip and Goldberg, Yoav and Hajic, Jan and Manning, Christopher D and McDonald, Ryan and Petrov, Slav and Pyysalo, Sampo and Silveira, Natalia and others},
  booktitle={Proceedings of the Tenth International Conference on Language Resources and Evaluation (LREC'16)},
  pages={1659--1666},
  year={2016}
}

@inproceedings{udgf,
  title={From universal dependencies to abstract syntax},
  author={Ranta, Aarne and Kolachina, Prasanth},
  booktitle={Proceedings of the NoDaLiDa 2017 Workshop on Universal Dependencies (UDW 2017)},
  pages={107--116},
  year={2017}
}

@inproceedings{gfud,
  title={From abstract syntax to universal dependencies},
  author={Kolachina, Prasanth and Ranta, Aarnte},
  booktitle={Linguistic Issues in Language Technology, Volume 13, 2016},
  year={2016}
}

@article{udparsing,
  title={Universal dependency parsing from scratch},
  author={Qi, Peng and Dozat, Timothy and Zhang, Yuhao and Manning, Christopher D},
  journal={arXiv preprint arXiv:1901.10457},
  year={2019}
}

@article{gdpr,
    title = {General Data Protection Regulation},
    journal={Official Journal of the European Union},
    url = {https://eur-lex.europa.eu/legal-content/EN/TXT/PDF/?uri=CELEX:32016R0679},
    organization = {European Commission},
    date = {2016-04-27},
    urldate = {2020-09-11}
}

@article{semcom,
  title={The principle of semantic compositionality},
  author={Pelletier, Francis Jeffry},
  journal={Topoi},
  volume={13},
  number={1},
  pages={11--24},
  year={1994},
  publisher={Springer}
}

@article{semcom2,
  title={Compositionality},
  author={Michael Johnson},
  journal={The Internet Encyclopedia of Philosophy},
  urldate={2020-11-26},
}

@inproceedings{udpipe1,
  title={UDPipe: trainable pipeline for processing CoNLL-U files performing tokenization, morphological analysis, pos tagging and parsing},
  author={Straka, Milan and Hajic, Jan and Strakov{\'a}, Jana},
  booktitle={Proceedings of the Tenth International Conference on Language Resources and Evaluation (LREC'16)},
  pages={4290--4297},
  year={2016}
}

@inproceedings{standford,
  title={A fast and accurate dependency parser using neural networks},
  author={Chen, Danqi and Manning, Christopher D.},
  booktitle={Proceedings of the 2014 conference on empirical methods in natural language processing (EMNLP)},
  pages={740--750},
  year={2014}
}

@inproceedings{rasp,
  title={The second release of the RASP system},
  author={Briscoe, Ted and Carroll, John A. and Watson, Rebecca},
  booktitle={Proceedings of the COLING/ACL 2006 interactive presentation sessions},
  pages={77--80},
  year={2006}
}

@inproceedings{wngf,
  title={Developing an interlingual translation lexicon using wordnets and grammatical framework},
  author={Virk, Shafqat Mumtaz and Prasad, KVS and Ranta, Aarne and Angelov, Krasimir},
  booktitle={Proceedings of the Fifth Workshop on South and Southeast Asian Natural Language Processing},
  pages={55--64},
  year={2014}
}

@inproceedings{uwn,
  title={Towards a universal wordnet by learning from combined evidence},
  author={De Melo, Gerard and Weikum, Gerhard},
  booktitle={Proceedings of the 18th ACM conference on Information and knowledge management},
  pages={513--522},
  year={2009}
}

@inproceedings{conllx,
  title={CoNLL-X shared task on multilingual dependency parsing},
  author={Buchholz, Sabine and Marsi, Erwin},
  booktitle={Proceedings of the tenth conference on computational natural language learning (CoNLL-X)},
  pages={149--164},
  year={2006}
}

@article{tag0,
  title={Tree adjunct grammars},
  author={Joshi, Aravind K and Levy, Leon S and Takahashi, Masako},
  journal={Journal of computer and system sciences},
  volume={10},
  number={1},
  pages={136--163},
  year={1975},
  publisher={Elsevier}
}

@incollection{tag,
  title={Tree-adjoining grammars},
  author={Joshi, Aravind K and Schabes, Yves},
  booktitle={Handbook of formal languages},
  pages={69--123},
  year={1997},
  publisher={Springer}
}

@inproceedings{stag,
  title={Synchronous tree-adjoining grammars},
  author={Shieber, Stuart and Schabes, Yves},
  booktitle={Proceedings of the 13th international conference on computational linguistics},
  year={1990},
  organization={Association for Computational Linguistics}
}

@article{dg,
  title={{\'E}l{\'e}ments de syntaxe structurale},
  author={Tesni{\`e}re, Lucien},
  year={1959},
  publisher={Klincksieck}
}

@InCollection{frege,
	author       =	{Szabó, Zoltán Gendler},
	title        =	{{Compositionality}},
	booktitle    =	{The {Stanford} Encyclopedia of Philosophy},
	editor       =	{Edward N. Zalta},
	howpublished =	{\url{https://plato.stanford.edu/archives/fall2020/entries/compositionality/}},
	year         =	{2020},
	edition      =	{Fall 2020},
	publisher    =	{Metaphysics Research Lab, Stanford University}
}

@article{ibm,
  title={The mathematics of statistical machine translation: Parameter estimation},
  author={Brown, Peter F. and Della Pietra, Stephen A. and Della Pietra, Vincent J. and Mercer, Robert L.},
  journal={Computational linguistics},
  volume={19},
  number={2},
  pages={263--311},
  year={1993}
}

@misc{11234/1-3226,
 title = {Universal Dependencies 2.6},
 author = {Zeman, Daniel and Nivre, Joakim and Abrams, Mitchell and Ackermann, Elia and Aepli, No{\"e}mi and Agi{\'c}, {\v Z}eljko and Ahrenberg, Lars and Ajede,
 Chika Kennedy and Aleksandravi{\v c}i{\=u}t{\.e}, Gabriel{\.e} and Antonsen, Lene and Aplonova, Katya and Aquino, Angelina and Aranzabe, Maria Jesus and Arutie, Gashaw and Asahara, Masayuki and Ateyah, Luma and Atmaca, Furkan and Attia, Mohammed and Atutxa, Aitziber and Augustinus, Liesbeth and Badmaeva, Elena and Ballesteros, Miguel and Banerjee, Esha and Bank, Sebastian and Barbu Mititelu, Verginica and Basmov, Victoria and Batchelor, Colin and Bauer, John and Bengoetxea, Kepa and Berzak, Yevgeni and Bhat, Irshad Ahmad and Bhat, Riyaz Ahmad and Biagetti, Erica and Bick, Eckhard and Bielinskien{\.e}, Agn{\.e} and Blokland, Rogier and Bobicev, Victoria and Boizou, Lo{\"{\i}}c and Borges V{\"o}lker, Emanuel and B{\"o}rstell, Carl and Bosco, Cristina and Bouma, Gosse and Bowman, Sam and Boyd, Adriane and Brokait{\.e}, Kristina and Burchardt, Aljoscha and Candito, Marie and Caron, Bernard and Caron, Gauthier and Cavalcanti, Tatiana and Cebiro{\u g}lu Eryi{\u g}it, G{\"u}l{\c s}en and Cecchini, Flavio Massimiliano and Celano, Giuseppe G. A. and {\v C}{\'e}pl{\"o}, Slavom{\'{\i}}r and Cetin, Savas and Chalub, Fabricio and Chi, Ethan and Choi, Jinho and Cho, Yongseok and Chun, Jayeol and Cignarella, Alessandra T. and Cinkov{\'a}, Silvie and Collomb, Aur{\'e}lie and {\c C}{\"o}ltekin, {\c C}a{\u g}r{\i} and Connor, Miriam and Courtin, Marine and Davidson, Elizabeth and de Marneffe, Marie-Catherine and de Paiva, Valeria and de Souza, Elvis and Diaz de Ilarraza, Arantza and Dickerson, Carly and Dione, Bamba and Dirix, Peter and Dobrovoljc, Kaja and Dozat, Timothy and Droganova, Kira and Dwivedi, Puneet and Eckhoff, Hanne and Eli, Marhaba and Elkahky, Ali and Ephrem, Binyam and Erina, Olga and Erjavec, Toma{\v z} and Etienne, Aline and Evelyn, Wograine and Farkas, Rich{\'a}rd and Fernandez Alcalde, Hector and Foster, Jennifer and Freitas, Cl{\'a}udia and Fujita, Kazunori and Gajdo{\v s}ov{\'a}, Katar{\'{\i}}na and Galbraith, Daniel and Garcia, Marcos and G{\"a}rdenfors, Moa and Garza, Sebastian and Gerdes, Kim and Ginter, Filip and Goenaga, Iakes and Gojenola, Koldo and G{\"o}k{\i}rmak, Memduh and Goldberg, Yoav and G{\'o}mez Guinovart, Xavier and Gonz{\'a}lez Saavedra,
 Berta and Grici{\=u}t{\.e}, Bernadeta and Grioni, Matias and Grobol,
 Lo{\"{\i}}c and Gr{\=
u}z{\={\i}}tis, Normunds and Guillaume, Bruno and Guillot-Barbance, C{\'e}line and G{\"u}ng{\"o}r, Tunga and Habash, Nizar and Haji{\v c}, Jan and Haji{\v c} jr., Jan and H{\"a}m{\"a}l{\"a}inen, Mika and H{\`a} M{\~y}, Linh and Han, Na-Rae and Harris, Kim and Haug, Dag and Heinecke, Johannes and Hellwig, Oliver and Hennig, Felix and Hladk{\'a}, Barbora and Hlav{\'a}{\v c}ov{\'a}, Jaroslava and Hociung, Florinel and Hohle, Petter and Hwang, Jena and Ikeda, Takumi and Ion, Radu and Irimia, Elena and Ishola, {\d O}l{\'a}j{\'{\i}}d{\'e} and Jel{\'{\i}}nek, Tom{\'a}{\v s} and Johannsen, Anders and J{\'o}nsd{\'o}ttir, Hildur and J{\o}rgensen, Fredrik and Juutinen, Markus and Ka{\c s}{\i}kara, H{\"u}ner and Kaasen, Andre and Kabaeva, Nadezhda and Kahane, Sylvain and Kanayama, Hiroshi and Kanerva, Jenna and Katz, Boris and Kayadelen, Tolga and Kenney, Jessica and Kettnerov{\'a}, V{\'a}clava and Kirchner, Jesse and Klementieva, Elena and K{\"o}hn, Arne and K{\"o}ksal, Abdullatif and Kopacewicz, Kamil and Korkiakangas, Timo and Kotsyba, Natalia and Kovalevskait{\.e}, Jolanta and Krek, Simon and Kwak, Sookyoung and Laippala, Veronika and Lambertino, Lorenzo and Lam, Lucia and Lando, Tatiana and Larasati, Septina Dian and Lavrentiev, Alexei and Lee, John and L{\^e} H{\`{\^o}}ng, Phương and Lenci, Alessandro and Lertpradit, Saran and Leung, Herman and Levina, Maria and Li, Cheuk Ying and Li, Josie and Li, Keying and Lim, {KyungTae} and Li, Yuan and Ljube{\v s}i{\'c}, Nikola and Loginova, Olga and Lyashevskaya, Olga and Lynn, Teresa and Macketanz, Vivien and Makazhanov, Aibek and Mandl, Michael and Manning, Christopher and Manurung, Ruli and M{\u a}r{\u a}nduc, C{\u a}t{\u a}lina and Mare{\v c}ek, David and Marheinecke, Katrin and Mart{\'{\i}}nez Alonso, H{\'e}ctor and Martins, Andr{\'e} and Ma{\v s}ek, Jan and Matsuda, Hiroshi and Matsumoto, Yuji and {McDonald}, Ryan and {McGuinness}, Sarah and Mendon{\c c}a, Gustavo and Miekka, Niko and Misirpashayeva, Margarita and Missil{\"a}, Anna and Mititelu, C{\u a}t{\u a}lin and Mitrofan, Maria and Miyao, Yusuke and Montemagni, Simonetta and More, Amir and Moreno Romero, Laura and Mori, Keiko Sophie and Morioka, Tomohiko and Mori, Shinsuke and Moro, Shigeki and Mortensen, Bjartur and Moskalevskyi, Bohdan and Muischnek, Kadri and Munro, Robert and Murawaki, Yugo and M{\"u}{\"u}risep, Kaili and Nainwani, Pinkey and Navarro Hor{\~n}iacek, Juan Ignacio and Nedoluzhko,
 Anna and Ne{\v s}pore-B{\=e}rzkalne, Gunta and Nguy{\~{\^e}}n Th{\d i}, Lương and Nguy{\~{\^e}}n Th{\d i} Minh, Huy{\`{\^e}}n and Nikaido, Yoshihiro and Nikolaev, Vitaly and Nitisaroj, Rattima and Nurmi, Hanna and Ojala, Stina and Ojha, Atul Kr. and Ol{\'u}{\`o}kun, Ad{\'e}day{\d o}̀ and Omura, Mai and Onwuegbuzia, Emeka and Osenova, Petya and {\"O}stling, Robert and {\O}vrelid, Lilja and {\"O}zate{\c s}, {\c S}aziye Bet{\"u}l and {\"O}zg{\"u}r, Arzucan and {\"O}zt{\"u}rk Ba{\c s}aran, Balk{\i}z and Partanen, Niko and Pascual, Elena and Passarotti, Marco and Patejuk, Agnieszka and Paulino-Passos, Guilherme and Peljak-{\L}api{\'n}ska, Angelika and Peng, Siyao and Perez, Cenel-Augusto and Perrier, Guy and Petrova, Daria and Petrov, Slav and Phelan, Jason and Piitulainen, Jussi and Pirinen, Tommi A and Pitler, Emily and Plank, Barbara and Poibeau, Thierry and Ponomareva, Larisa and Popel, Martin and Pretkalni{\c n}a, Lauma and Pr{\'e}vost, Sophie and Prokopidis, Prokopis and Przepi{\'o}rkowski, Adam and Puolakainen, Tiina and Pyysalo, Sampo and Qi, Peng and R{\"a}{\"a}bis, Andriela and Rademaker, Alexandre and Ramasamy, Loganathan and Rama, Taraka and Ramisch, Carlos and Ravishankar, Vinit and Real, Livy and Rebeja, Petru and Reddy, Siva and Rehm, Georg and Riabov, Ivan and Rie{\ss}ler, Michael and Rimkut{\.e}, Erika and Rinaldi, Larissa and Rituma, Laura and Rocha, Luisa and Romanenko, Mykhailo and Rosa, Rudolf and Roșca, Valentin and Rovati, Davide and Rudina, Olga and Rueter, Jack and Sadde, Shoval and Sagot, Beno{\^{\i}}t and Saleh, Shadi and Salomoni, Alessio and Samard{\v z}i{\'c}, Tanja and Samson, Stephanie and Sanguinetti, Manuela and S{\"a}rg,
 Dage and Saul{\={\i}}te, Baiba and Sawanakunanon, Yanin and Scarlata, Salvatore and Schneider, Nathan and Schuster, Sebastian and Seddah, Djam{\'e} and Seeker, Wolfgang and Seraji, Mojgan and Shen, Mo and Shimada, Atsuko and Shirasu, Hiroyuki and Shohibussirri, Muh and Sichinava, Dmitry and Silveira, Aline and Silveira, Natalia and Simi, Maria and Simionescu, Radu and Simk{\'o}, Katalin and {\v S}imkov{\'a}, M{\'a}ria and Simov, Kiril and Skachedubova, Maria and Smith, Aaron and Soares-Bastos, Isabela and Spadine, Carolyn and Stella, Antonio and Straka, Milan and Strnadov{\'a}, Jana and Suhr, Alane and Sulubacak, Umut and Suzuki, Shingo and Sz{\'a}nt{\'o}, Zsolt and Taji, Dima and Takahashi, Yuta and Tamburini, Fabio and Tanaka, Takaaki and Tella, Samson and Tellier, Isabelle and Thomas, Guillaume and Torga, Liisi and Toska, Marsida and Trosterud, Trond and Trukhina, Anna and Tsarfaty, Reut and T{\"u}rk, Utku and Tyers, Francis and Uematsu, Sumire and Untilov, Roman and Ure{\v s}ov{\'a}, Zde{\v n}ka and Uria, Larraitz and Uszkoreit, Hans and Utka, Andrius and Vajjala, Sowmya and van Niekerk, Daniel and van Noord, Gertjan and Varga, Viktor and Villemonte de la Clergerie, Eric and Vincze, Veronika and Wakasa, Aya and Wallin, Lars and Walsh, Abigail and Wang, Jing Xian and Washington, Jonathan North and Wendt, Maximilan and Widmer, Paul and Williams, Seyi and Wir{\'e}n, Mats and Wittern, Christian and Woldemariam, Tsegay and Wong, Tak-sum and Wr{\'o}blewska, Alina and Yako, Mary and Yamashita, Kayo and Yamazaki, Naoki and Yan, Chunxiao and Yasuoka, Koichi and Yavrumyan, Marat M. and Yu, Zhuoran and {\v Z}abokrtsk{\'y}, Zden{\v e}k and Zeldes, Amir and Zhu, Hanzhi and Zhuravleva, Anna},
 url = {http://hdl.handle.net/11234/1-3226},
 note = {{LINDAT}/{CLARIAH}-{CZ} digital library at the Institute of Formal and Applied Linguistics ({{\'U}FAL}), Faculty of Mathematics and Physics, Charles University},
 copyright = {Licence Universal Dependencies v2.6},
 year = {2020} }

@article{scfg,
  title={Syntax directed translations and the pushdown assembler},
  author={Aho, Alfred V. and Ullman, Jeffrey D.},
  journal={Journal of Computer and System Sciences},
  volume={3},
  number={1},
  pages={37--56},
  year={1969},
  publisher={Elsevier}
}

@article{nlpscfg0,
  title={Synchronous models of language},
  author={Rambow, Owen and Satta, Giorgio},
  journal={arXiv preprint cmp-lg/9605032},
  year={1996}
}

@article{nlpscfg1,
  title={Stochastic inversion transduction grammars and bilingual parsing of parallel corpora},
  author={Wu, Dekai},
  journal={Computational linguistics},
  volume={23},
  number={3},
  pages={377--403},
  year={1997}
}

@inproceedings{nlpscfg2,
  title={A syntax-based statistical translation model},
  author={Yamada, Kenji and Knight, Kevin},
  booktitle={Proceedings of the 39th Annual Meeting of the Association for Computational Linguistics},
  pages={523--530},
  year={2001}
}

@inproceedings{nlpscfg3,
  title={A hierarchical phrase-based model for statistical machine translation},
  author={Chiang, David},
  booktitle={Proceedings of the 43rd annual meeting of the association for computational linguistics (acl’05)},
  pages={263--270},
  year={2005}
}

@book{chomsky,
  title={Syntactic structures},
  author={Chomsky, Noam},
  year={1957},
  publisher={Walter de Gruyter}
}

@book{grbook,
  title={Computational Grammar: An Interlingual Perspective},
  author={Ranta, Aarne},
  year={2020},
  publisher={unpublished}
}

@article{divs,
  title={Machine translation divergences: A formal description and proposed solution},
  author={Dorr, Bonnie},
  journal={Computational linguistics},
  volume={20},
  number={4},
  pages={597--633},
  year={1994}
}

@inproceedings{divs2,
  title={Handling translation divergences: Combining statistical and symbolic techniques in generation-heavy machine translation},
  author={Habash, Nizar and Dorr, Bonnie},
  booktitle={Conference of the Association for Machine Translation in the Americas},
  pages={84--93},
  year={2002},
  organization={Springer}
}

@misc{scaleupgf,
  title={Abstract Syntax as Interlingua: Scaling Up the Grammatical Framework from Controlled Languages to Robust Pipelines},
  author={Ranta, Aarne and Angelov, Krasimir and Gruzitis, Normunds and Kolachina, Prasanth},
  year={2020},
  publisher={MIT Press}
}

@inproceedings{mprtud,
  title={CoNLL 2018 shared task: Multilingual parsing from raw text to universal dependencies},
  author={Zeman, Daniel and Hajic, Jan and Popel, Martin and Potthast, Martin and Straka, Milan and Ginter, Filip and Nivre, Joakim and Petrov, Slav},
  booktitle={Proceedings of the CoNLL 2018 Shared Task: Multilingual parsing from raw text to universal dependencies},
  pages={1--21},
  year={2018}
}


@article{uddocs,
    title = {Universal Dependencies documentation},
    note = {\\Available at \url{universaldependencies.org} (last visited 09/02/2021)},
    organization = {Universal Dependencies},
    date = {2016-04-27},
    urldate = {2020-11-25}
}

@inproceedings{fast,
  title={A simple, fast, and effective reparameterization of ibm model 2},
  author={Dyer, Chris and Chahuneau, Victor and Smith, Noah A},
  booktitle={Proceedings of the 2013 Conference of the North American Chapter of the Association for Computational Linguistics: Human Language Technologies},
  pages={644--648},
  year={2013}
}

@inproceedings{st1,
  title={Generating typed dependency parses from phrase structure parses.},
  author={De Marneffe, Marie-Catherine and MacCartney, Bill and Manning, Christopher D and others},
  booktitle={Lrec},
  volume={6},
  pages={449--454},
  year={2006}
}

@inproceedings{st2,
  title={Universal Stanford dependencies: A cross-linguistic typology.},
  author={De Marneffe, Marie-Catherine and Dozat, Timothy and Silveira, Natalia and Haverinen, Katri and Ginter, Filip and Nivre, Joakim and Manning, Christopher D},
  booktitle={LREC},
  volume={14},
  pages={4585--4592},
  year={2014}
}

@article{upos,
  title={A universal part-of-speech tagset},
  author={Petrov, Slav and Das, Dipanjan and McDonald, Ryan},
  journal={arXiv preprint arXiv:1104.2086},
  year={2011}
}

@inproceedings{tagconv,
  title={Reusable Tagset Conversion Using Tagset Drivers.},
  author={Zeman, Daniel},
  booktitle={LREC},
  volume={2008},
  pages={28--30},
  year={2008}
}

@Techreport{giza,
author = {Yaser Al-Onaizan and Jan Cu\v{r}\'{i}n and Michael Jahr and Kevin Knight and John D. Lafferty and I. Dan Melamed and Franz-Josef Och and David Purdy and Noah A. Smith and David Yarowsky},
title = {Statistical Machine Translation},
institution = {John Hopkins University Summer Workshop {\tt http://www.clsp.jhu.edu/ws99/projects/mt/}},
year = 1999
}

@InProceedings{gizapp,
author = {Franz Josef Och and Hermann Ney},
title = {Improved Statistical Alignment Models},
booktitle = {Proceedings of the 38th Annual Meeting of the Association of Computational Linguistics (ACL)},
url = {http://acl.ldc.upenn.edu/P/P00/P00-1056.pdf},
year = 2000
}

@inproceedings{moses,
  title={Moses: Open source toolkit for statistical machine translation},
  author={Koehn, Philipp and Hoang, Hieu and Birch, Alexandra and Callison-Burch, Chris and Federico, Marcello and Bertoldi, Nicola and Cowan, Brooke and Shen, Wade and Moran, Christine and Zens, Richard and others},
  booktitle={Proceedings of the 45th annual meeting of the ACL on interactive poster and demonstration sessions},
  pages={177--180},
  year={2007},
  organization={Association for Computational Linguistics}
}

@inproceedings{treelet,
  title={Dependency treelet translation: Syntactically informed phrasal {SMT}},
  author={Quirk, Chris and Menezes, Arul and Cherry, Colin},
  booktitle={Proceedings of the 43rd Annual Meeting of the Association for Computational Linguistics (ACL’05)},
  pages={271--279},
  year={2005}
}

@article{bitext,
  title={Bitext alignment},
  author={Tiedemann, J{\"o}rg},
  journal={Synthesis Lectures on Human Language Technologies},
  volume={4},
  number={2},
  pages={1--165},
  year={2011},
  publisher={Morgan \& Claypool Publishers}
}

@article{t2t1,
  title={A framework of a mechanical translation between Japanese and English by analogy principle},
  author={Nagao, Makoto},
  journal={Artificial and human intelligence},
  pages={351--354},
  year={1984}
}

@inproceedings{t2t2,
  title={Learning translation templates from bilingual text},
  author={Kaji, Hiroyuki and Yuuko, Kida and Morimoto, Yasutsugu},
  booktitle={COLING 1992 Volume 2: The 15th International Conference on Computational Linguistics},
  year={1992}
}

@book{nlphandbook,
  title={Handbook of natural language processing},
  author={Indurkhya, Nitin and Damerau, Fred J},
  volume={2},
  year={2010},
  publisher={CRC Press}
}

@article{thesis,
  title={Grammar-Based Translation of Computer Science and Engineering Terminology},
  author={Eriksson and Gabrielsson and Hedgreen and Klingberg and Vestlund and Ödin},
  journal={},
  year={2020}
}

@article{thesisbleu,
  title={Comparison and Implementation of {MT} Evaluation Methods},
  author={Morgenroth, Lena},
  year={2011}
}

@inproceedings{bleu,
  title={Bleu: a method for automatic evaluation of machine translation},
  author={Papineni, Kishore and Roukos, Salim and Ward, Todd and Zhu, Wei-Jing},
  booktitle={Proceedings of the 40th annual meeting of the Association for Computational Linguistics},
  pages={311--318},
  year={2002}
}
