@article{scaling_up_gf,
  title={Abstract syntax as interlingua: Scaling up the grammatical framework from controlled languages to robust pipelines},
  author={Ranta, Aarne and Angelov, Krasimir and Gruzitis, Normunds and Kolachina, Prasanth},
  journal={Computational Linguistics},
  volume={46},
  number={2},
  pages={425--486},
  year={2020},
  publisher={MIT Press},
  url={https://watermark.silverchair.com/coli_a_00378.pdf?token=AQECAHi208BE49Ooan9kkhW_Ercy7Dm3ZL_9Cf3qfKAc485ysgAAAnowggJ2BgkqhkiG9w0BBwagggJnMIICYwIBADCCAlwGCSqGSIb3DQEHATAeBglghkgBZQMEAS4wEQQMtehrCfNrqj_44Ja6AgEQgIICLYyaBNleBXN4_lTcZcLGORFBshKy1jH_iUu8meChG68LqLUW5Pp8URxb13AIfHAXARt0ujLP4ZiP1LoZvBavX_bNg7UQ3s1DVyBONN6M85pTOStv59BnpL3ySfgpp-3dKhXmN-RZf48UnjYU6f2vi3L0atM5pa_iVnSI4sDWq-6EUgy0WouSdPSqGmFC_Z9lXqk5swdJg-BIbKYxDd4h1ixlCD7k8QUuaUg2L-c2lOptAzudkxccBkaITLoa5lUaC6eo7QuuUJOUmX9-DeAELA5-mI3TMkaw0A_NfZCLH14ujBvmpL1viix9fLiL5cVGajtB-cL2mf0-adAcdu7s5RpB991i8_WeSLHBEfApuvxrthgBt7Q-qL5bfPkkNw-k9WuNBr9AhosrhkquSVWGIvWHr2wDsFt9Dc0uAbpyco2B4yLmMlf_H6nio0mNx-QDx4UeN4YOAUIWczWHi3u-649BoDSHNXMywj0l_UZqRKSc_yorROVokEmfH0psvLgHzh-yfMDieUtBenJlo6zQtbT2LIddsng6CLNo6TFJ2AJXgZqnsj4Mp6sx9e11F4PvmA9GQpzD6BVBC_DTIPKcpMeGwe5YkbvE6q1YQRWpjl6NZx-_4uQ3A1FFjvYbFhA5Q0Gx6ieuHYTEKZStPww_Wcz8MMAb7xe1q-CY208Irkt9qM-5O36iswwVxPeardZ4ofEDoa0c3bYUkv0bXrkqoFcSeocvLv_EhnUur2ny}
}

@article{tiedemann2011bitext,
  title={Bitext alignment},
  author={Tiedemann, J{\"o}rg},
  journal={Synthesis Lectures on Human Language Technologies},
  volume={4},
  number={2},
  pages={1--165},
  year={2011},
  publisher={Morgan \& Claypool Publishers},
  url={https://www.morganclaypool.com/doi/pdf/10.2200/S00367ED1V01Y201106HLT014?casa_token=kJvZfilQ-Z8AAAAA:vefXO238FYR-e8vJ1UjthN2JYDuL6A062de7yT73tT1aUeE5LBVXRJL77NUumvIjq4LzGMtf5gUR3Q}
}
